@inproceedings{zhang2013fast,
    title={Fast and Scalable Queue-Based Resource Allocation Lock on Shared-Memory Multiprocessors},
    author={Zhang, Deli and Lynch, Brendan and Dechev, Damian},
    booktitle={Proceedings of the 17th International Conference on Principles of Distributed Systems},
    year={2013},
    month={12},
    pages={266-280},
    publisher={Springer},
    doi={10.1007/978-3-319-03850-6_19},
    note={Acceptance Rate: 40\%}
}

@inproceedings{zhang2016efficient,
    title={An Efficient Lock-free Logarithmic Search Data Structure Based on Multi-dimensional List},
    author={Zhang, Deli and and Dechev, Damian},
    booktitle={Proceedings of the 36th IEEE International Conference on Distributed Computing Systems (ICDCS)},
    year={2016},
    month={6},
    publisher={IEEE},
    note={Acceptance Rate: 17\%}
}

@inproceedings{zhang2016highperformance,
    title={High Performance C++ Concurrent Transactional Data Structures: Concept, Design, and Implementation},
    author={Zhang, Deli and and Dechev, Damian},
    booktitle={CppCon},
    year={2016},
    month={9}
}


@inproceedings{zhang2016lockfree,
    title={Lock-free Transactions Without Aborts for Linked Data Structures},
    author={Zhang, Deli and and Dechev, Damian},
    booktitle={Proceedings of the 28th ACM Symposium on Parallelism in Algorithms and Architectures (SPAA)},
    year={2016},
    month={7},
    publisher={ACM},
    note={Acceptance Rate: 17\%}
}

@article{zhang2014queue,
    title={Queue-Based and Adaptive Lock Algorithms for Scalable Resource Allocation on Shared-Memory Multiprocessors},
    author={Zhang, Deli and Lynch, Brendan and Dechev, Damian},
    journal={International Journal of Parallel Programming (IJPP)},
    year={2014},
    month={8},
    volume={43},
    issue={5},
    pages={721-751},
    doi={10.1007/s10766-014-0317-6},
    publisher={Springer},
    note={Impact Factor: 0.62}
}

@inproceedings{zhang2014tools,
    title={Tools for Enabling Automatic Validation of Large-scale Parallel Application Simulations},
    author={Zhang, Deli and Hendry, Gilbert and Dechev, Damian},
    booktitle={30th IEEE International Conference on Software Maintenance and Evolution (ICSME)},
    year={2014},
    month={10},
    organization={IEEE},
    doi={10.1109/ICSME.2014.105},
    note={Acceptance Rate: 19\%}
}

@inproceedings{peterson2014resourse,
    title={Resource-Based Transaction Management for Best-Effort Hardware Transactional Memory},
    author={Peterson, Chrinstina and Zhang, Deli and Dechev, Damian},
    booktitle={The First Workshop on Software Engineering for Parallel Systems (SEPS) co-located with SPLASH},
    year={2014},
    month={10},
    organization={IEEE}
}


@article{zhang2015lockfree, 
    author={Zhang, Deli and Dechev, Damian}, 
    journal={IEEE Transactions on Parallel and Distributed Systems}, 
    title={A Lock-Free Priority Queue Design Based on Multi-Dimensional Linked Lists}, 
    year={2016}, 
    volume={27}, 
    number={3}, 
    pages={613-626}, 
    doi={10.1109/TPDS.2015.2419651}, 
    ISSN={1045-9219}, 
    month={March},
    note={Impact Factor: 2.17}
}

@article{zhang2015validating, 
    author={Zhang, Deli and Dechev, Dechev and Wilke, Jeremiah and Hendry, Gilbert}, 
    journal={ACM Transactions on Modeling and Performance Evaluation of Computing Systems (TOMPECS)}, 
    title={Validating the Simulation of Large-scale Parallel Applications Using Statistical Characteristics}, 
    year={2015},
    month={12},
    publisher={ACM}
}

@inproceedings{feldman2015extending,
    title={Extending LDMS to Enable Performance Monitoring in Multi-core Applications},
    author={Feldman, Steven and Zhang, Deli and Dechev, Damian and Brandt, James},
    booktitle={2015 IEEE International Conference on Cluster Computing (CLUSTER)},
    pages={717--720},
    year={2015},
    month={9},
    organization={IEEE},
    doi={10.1109/CLUSTER.2015.125}
}

@article{sottile2014static,
    title={Static Analysis Techniques for Semi-Automatic Synthesis of Message Passing Software Skeletons},
    author={Sottile, Matthwe and Dagit, Jason and Zhang, Deli and Hendry, Gilbert and Dechev, Damian},
    journal={ACM Transactions on Modeling and Computer Simulation (TOMACS)},
    year={2014},
    publisher={ACM},
    doi={10.1145/2778888},
    note={Impact Factor: 1.09}
}

@article{shacham2011testing,
    title={Testing atomicity of composed concurrent operations},
    author={Shacham, Ohad and Bronson, Nathan and Aiken, Alex and Sagiv, Mooly and Vechev, Martin and Yahav, Eran},
    journal={ACM SIGPLAN Notices},
    volume={46},
    number={10},
    pages={51--64},
    year={2011},
    publisher={ACM}
}


